<record><leader>00000cas a2200000 i 4500</leader><controlfield tag="001">905858736</controlfield><controlfield tag="008">150330d18611897msuuu nea     0    0eng c</controlfield><datafield ind1=" " ind2=" " tag="010"><subfield code="a">  2015227934</subfield></datafield><datafield ind1=" " ind2=" " tag="040"><subfield code="a">NDD</subfield><subfield code="b">eng</subfield><subfield code="e">rda</subfield><subfield code="c">NDD</subfield><subfield code="d">OCLCF</subfield></datafield><datafield ind1=" " ind2=" " tag="042"><subfield code="a">pcc</subfield></datafield><datafield ind1="0" ind2="0" tag="245"><subfield code="a">Natchez Miscellaneous Newspapers.</subfield></datafield><datafield ind1="1" ind2=" " tag="246"><subfield code="a">Natchez weekly Democrat</subfield></datafield><datafield ind1="1" ind2=" " tag="246"><subfield code="a">Daily Democrat</subfield></datafield><datafield ind1="1" ind2=" " tag="246"><subfield code="a">Tri-Weekly New Era</subfield></datafield><datafield ind1="1" ind2=" " tag="246"><subfield code="a">Crusader</subfield></datafield><datafield ind1="1" ind2=" " tag="246"><subfield code="a">Church News</subfield></datafield><datafield ind1="1" ind2=" " tag="246"><subfield code="a">Natchez Daily Courier</subfield></datafield><datafield ind1="1" ind2=" " tag="246"><subfield code="a">Courier</subfield></datafield><datafield ind1="1" ind2=" " tag="246"><subfield code="a">Natchez Tri-Weekly Courier</subfield></datafield><datafield ind1="1" ind2=" " tag="246"><subfield code="a">Natchez Courier</subfield></datafield><datafield ind1="1" ind2=" " tag="246"><subfield code="a">Natchez Democrat</subfield></datafield><datafield ind1="1" ind2=" " tag="246"><subfield code="a">Natchez Daily Democrat and Courier</subfield></datafield><datafield ind1=" " ind2="1" tag="264"><subfield code="a">Natchez, Mississippi</subfield></datafield><datafield ind1=" " ind2=" " tag="300"><subfield code="a">volumes</subfield></datafield><datafield ind1=" " ind2=" " tag="336"><subfield code="a">text</subfield><subfield code="b">txt</subfield><subfield code="2">rdacontent</subfield></datafield><datafield ind1=" " ind2=" " tag="337"><subfield code="a">microform</subfield><subfield code="b">h</subfield><subfield code="2">rdamedia</subfield></datafield><datafield ind1=" " ind2=" " tag="338"><subfield code="a">microfilm reel</subfield><subfield code="b">hd</subfield><subfield code="2">rdacarrier</subfield></datafield><datafield ind1="1" ind2=" " tag="362"><subfield code="a">Natchez weekly Democrat: Began in 1876? Ceased with: v. 14, no. 9 (Jan. 27, 1886). Daily Democrat (Natchez, Miss. : 1875): N.s., v. 3, no. 188 (July 10, 1875)-v. 43, no. 65 (Feb. 14, 1915). Tri-weekly new era (Natchez, Miss.): Began in 1880? Crusader (Natchez, Miss.): Began in 1883? Church News: Began in 1884? Natchez daily courier (Natchez, Miss. : 1854): Began with: Vol. 3, no. 2 (Sept. 28, 1854); ceased in November, 1861. Courier (Natchez, Miss.): Vol. 10, no. 11 (Dec. 17, 1861)-v. 11, no. 35 (Nov. 15, 1862). Natchez Tri-Weekly Courier: Began in 1868; ceased in 1870? Natchez courier (Natchez, Miss. : 1870 : Triweekly): Began in 1870? Natchez Democrat: Began in 1871? Natchez daily Democrat and courier (Natchez, Miss. : 1872): Began in 1872? Ceased with n.s., v. 3, no. 185 (July 7, 1875).</subfield></datafield><datafield ind1=" " ind2=" " tag="533"><subfield code="a">Microfilm.</subfield><subfield code="b">Jackson, MS :</subfield><subfield code="c">United States Newspaper Program</subfield><subfield code="m">Natchez weekly Democrat: February 2, 1876; April 12, 1876; June 18, 1879.</subfield><subfield code="m">Daily Democrat (Natchez, Miss. : 1875): September 19, 1877- January 28, 1897.</subfield><subfield code="m">Tri-weekly new era (Natchez, Miss.): December 10, 1880.</subfield><subfield code="m">Crusader (Natchez, Miss.): June 28, 1884.</subfield><subfield code="m">Church News: May 15, 1884; May 15, 1886.</subfield><subfield code="m">Natchez daily courier (Natchez, Miss. : 1854): February 20, 1861-February 13, 1867.</subfield><subfield code="m">Courier (Natchez, Miss.): April 1, 1862- September 9, 1862.</subfield><subfield code="m">Natchez Tri-Weekly Courier: June 27, 1865; March 24, 1869; October 28, 1870.</subfield><subfield code="m">Natchez Tri-Weekly Courier: June 27, 1865; March 24, 1869; October 28, 1870.</subfield><subfield code="m">Natchez courier (Natchez, Miss. : 1870 : Triweekly): June 23- May 27, 1871.</subfield><subfield code="m">Natchez Democrat: December 12, 1871; January 18, 1872.</subfield><subfield code="m">Natchez daily Democrat and courier (Natchez, Miss. : 1872): June 26, 1873- November 1, 1874.</subfield></datafield><datafield ind1=" " ind2="0" tag="651"><subfield code="a">Natchez (Miss.)</subfield><subfield code="v">Newspapers.</subfield></datafield><datafield ind1=" " ind2="7" tag="655"><subfield code="a">Newspapers.</subfield><subfield code="2">fast</subfield><subfield code="0">(OCoLC)fst01423814</subfield></datafield><datafield ind1=" " ind2="7" tag="651"><subfield code="a">Mississippi</subfield><subfield code="z">Natchez.</subfield><subfield code="2">fast</subfield><subfield code="0">(OCoLC)fst01204961</subfield></datafield><datafield ind1=" " ind2=" " tag="752"><subfield code="a">United States</subfield><subfield code="b">Mississippi</subfield><subfield code="c">Adams</subfield><subfield code="d">Natchez.</subfield></datafield><datafield ind1="0" ind2="8" tag="776"><subfield code="i">Print version:</subfield><subfield code="t">Natchez weekly Democrat</subfield><subfield code="w">(DLC)sn 83016914</subfield><subfield code="w">(OCoLC)2251264</subfield></datafield><datafield ind1="0" ind2="8" tag="776"><subfield code="i">Print version:</subfield><subfield code="t">Daily Democrat (Natchez, Miss. : 1875)</subfield><subfield code="w">(DLC)sn 84020282</subfield><subfield code="w">(OCoLC)10553255</subfield></datafield><datafield ind1="0" ind2="8" tag="776"><subfield code="i">Print version:</subfield><subfield code="t">Tri-weekly new era (Natchez, Miss.)</subfield><subfield code="w">(DLC)sn 88067003</subfield><subfield code="w">(OCoLC)16863891</subfield></datafield><datafield ind1="0" ind2="8" tag="776"><subfield code="i">Print version:</subfield><subfield code="t">Crusader (Natchez, Miss.)</subfield><subfield code="w">(DLC)sn 89065030</subfield><subfield code="w">(OCoLC)15500785</subfield></datafield><datafield ind1="0" ind2="8" tag="776"><subfield code="i">Print version:</subfield><subfield code="t">Natchez daily courier (Natchez, Miss. : 1854)</subfield><subfield code="w">(DLC)sn 83016881</subfield><subfield code="w">(OCoLC)10199123</subfield></datafield><datafield ind1="0" ind2="8" tag="776"><subfield code="i">Print version:</subfield><subfield code="t">Courier (Natchez, Miss.)</subfield><subfield code="w">(DLC)sn 83016882</subfield><subfield code="w">(OCoLC)10199162</subfield></datafield><datafield ind1="0" ind2="8" tag="776"><subfield code="i">Print version:</subfield><subfield code="t">Natchez tri-weekly courier</subfield><subfield code="w">(DLC)sn 87065444</subfield><subfield code="w">(OCoLC)16067193</subfield></datafield><datafield ind1="0" ind2="8" tag="776"><subfield code="i">Print version:</subfield><subfield code="t">Natchez courier (Natchez, Miss. : 1870 : Triweekly)</subfield><subfield code="w">(DLC)sn 89059339</subfield><subfield code="w">(OCoLC)20371773</subfield></datafield><datafield ind1="0" ind2="8" tag="776"><subfield code="i">Print version:</subfield><subfield code="t">Natchez daily Democrat and courier (Natchez, Miss. : 1872)</subfield><subfield code="w">(DLC)sn 83016877</subfield><subfield code="w">(OCoLC)10197371</subfield></datafield></record>